<record><leader>00000cas a22000007a 4500</leader><controlfield tag="001">15376682</controlfield><controlfield tag="008">870327d19731980inuwr ne      0    0eng d</controlfield><datafield ind1=" " ind2=" " tag="010"><subfield code="a">sn 87055709 </subfield></datafield><datafield ind1=" " ind2=" " tag="040"><subfield code="a">NPI</subfield><subfield code="b">eng</subfield><subfield code="c">NPI</subfield><subfield code="d">OCLCQ</subfield></datafield><datafield ind1=" " ind2=" " tag="042"><subfield code="a">msc</subfield></datafield><datafield ind1="0" ind2=" " tag="130"><subfield code="a">Spectator (Terre Haute, Ind.)</subfield></datafield><datafield ind1="1" ind2="4" tag="245"><subfield code="a">The Spectator.</subfield></datafield><datafield ind1=" " ind2=" " tag="260"><subfield code="a">Terre Haute, Ind. :</subfield><subfield code="b">Spectator Pub. Co.,</subfield><subfield code="c">1973-1980.</subfield></datafield><datafield ind1=" " ind2=" " tag="310"><subfield code="a">Weekly</subfield></datafield><datafield ind1="0" ind2=" " tag="362"><subfield code="a">Vol. 134, no. 14 (Oct. 20, 1973)-v. 147, no. 7 (Feb. 16, 1980).</subfield></datafield><datafield ind1=" " ind2=" " tag="752"><subfield code="a">United States</subfield><subfield code="b">Indiana</subfield><subfield code="c">Vigo</subfield><subfield code="d">Terre Haute.</subfield></datafield><datafield ind1="0" ind2="0" tag="780"><subfield code="t">Saturday spectator</subfield><subfield code="w">(DLC)sn 87055698</subfield></datafield><datafield ind1="0" ind2="0" tag="785"><subfield code="t">Spectator's Terre Haute</subfield><subfield code="x">0199-6398</subfield><subfield code="w">(DLC)sn 80009079</subfield><subfield code="w">(OCoLC)6071176</subfield></datafield></record>